<record><leader>00000cas a22000007a 4500</leader><controlfield tag="001">8769854</controlfield><controlfield tag="008">820913d18721926coudr ne      0   a0eng  </controlfield><datafield ind1=" " ind2=" " tag="010"><subfield code="a">sn 82014226 </subfield></datafield><datafield ind1=" " ind2=" " tag="040"><subfield code="a">DLC</subfield><subfield code="b">eng</subfield><subfield code="c">DLC</subfield><subfield code="d">NPT</subfield><subfield code="d">DLC</subfield><subfield code="d">CNQ</subfield><subfield code="d">MGN</subfield><subfield code="d">CRL</subfield><subfield code="d">OCLCQ</subfield><subfield code="d">CGAVW</subfield><subfield code="d">OCLCO</subfield><subfield code="d">OCLCF</subfield></datafield><datafield ind1="1" ind2=" " tag="029"><subfield code="a">AU@</subfield><subfield code="b">000025814864</subfield></datafield><datafield ind1=" " ind2=" " tag="042"><subfield code="a">msc</subfield></datafield><datafield ind1="0" ind2="0" tag="050"><subfield code="a">Newspaper 7211-X</subfield></datafield><datafield ind1="0" ind2=" " tag="130"><subfield code="a">Denver times (Denver, Colo. : 1872)</subfield></datafield><datafield ind1="1" ind2="4" tag="245"><subfield code="a">The Denver times.</subfield></datafield><datafield ind1="1" ind2="3" tag="246"><subfield code="a">Denver daily times</subfield></datafield><datafield ind1="1" ind2="3" tag="246"><subfield code="a">Daily Denver times</subfield></datafield><datafield ind1=" " ind2=" " tag="260"><subfield code="a">Denver, Colo. :</subfield><subfield code="b">R.W. Woodbury</subfield></datafield><datafield ind1=" " ind2=" " tag="300"><subfield code="a">v.</subfield></datafield><datafield ind1=" " ind2=" " tag="310"><subfield code="a">Daily</subfield></datafield><datafield ind1="1" ind2=" " tag="362"><subfield code="a">Began Apr. 1, 1872; ceased Nov. 22, 1926.</subfield></datafield><datafield ind1=" " ind2=" " tag="500"><subfield code="a">Sometimes published as: Denver daily times; Daily Denver times. Cf. Gergory, W. Amer. newspapers.</subfield></datafield><datafield ind1=" " ind2=" " tag="500"><subfield code="a">Has extra editions &lt;1883-1894&gt;; Special Pioneer and Centennial edition, Dec. 31, 1896.</subfield></datafield><datafield ind1=" " ind2=" " tag="500"><subfield code="a">Published by: The Times Co., July 29, 1882-Apr. 6, 1885; Denver Pub. Co. &lt;Oct. 1, 1919&gt;-</subfield></datafield><datafield ind1=" " ind2=" " tag="525"><subfield code="a">Includes supplements.</subfield></datafield><datafield ind1=" " ind2=" " tag="588"><subfield code="a">Description based on: Vol. 6, no. 272 (Nov. 19, 1877).</subfield></datafield><datafield ind1=" " ind2="0" tag="651"><subfield code="a">Denver (Colo.)</subfield><subfield code="v">Periodicals.</subfield></datafield><datafield ind1=" " ind2="0" tag="651"><subfield code="a">Denver (Colo.)</subfield><subfield code="x">History</subfield><subfield code="v">Sources.</subfield></datafield><datafield ind1=" " ind2="7" tag="655"><subfield code="a">History.</subfield><subfield code="2">fast</subfield><subfield code="0">(OCoLC)fst01411628</subfield></datafield><datafield ind1=" " ind2="7" tag="655"><subfield code="a">Periodicals.</subfield><subfield code="2">fast</subfield><subfield code="0">(OCoLC)fst01411641</subfield></datafield><datafield ind1=" " ind2="7" tag="655"><subfield code="a">Sources.</subfield><subfield code="2">fast</subfield><subfield code="0">(OCoLC)fst01423900</subfield></datafield><datafield ind1=" " ind2="7" tag="651"><subfield code="a">Colorado</subfield><subfield code="z">Denver.</subfield><subfield code="2">fast</subfield><subfield code="0">(OCoLC)fst01205192</subfield></datafield><datafield ind1=" " ind2=" " tag="752"><subfield code="a">United States</subfield><subfield code="b">Colorado</subfield><subfield code="c">Denver</subfield><subfield code="d">Denver.</subfield></datafield><datafield ind1="0" ind2="0" tag="780"><subfield code="t">Daily city item</subfield></datafield><datafield ind1="0" ind2="7" tag="785"><subfield code="t">Denver express</subfield><subfield code="w">(DLC)sn 90051912</subfield><subfield code="w">(OCoLC)22620979</subfield></datafield><datafield ind1="0" ind2="7" tag="785"><subfield code="t">Denver evening news</subfield><subfield code="w">(DLC)sn 86063152</subfield><subfield code="w">(OCoLC)13179628</subfield></datafield></record>